<record><leader>00000cas a22000007a 4500</leader><controlfield tag="001">11224884</controlfield><controlfield tag="008">841003d18131816inuwr ne      0    0eng d</controlfield><datafield ind1=" " ind2=" " tag="010"><subfield code="a">sn 84037933 </subfield></datafield><datafield ind1=" " ind2=" " tag="040"><subfield code="a">NPX</subfield><subfield code="b">eng</subfield><subfield code="c">NPX</subfield><subfield code="d">NPI</subfield><subfield code="d">NPH</subfield><subfield code="d">OCLCG</subfield><subfield code="d">OCLCQ</subfield></datafield><datafield ind1=" " ind2=" " tag="042"><subfield code="a">msc</subfield></datafield><datafield ind1="0" ind2=" " tag="130"><subfield code="a">Western eagle (Madison, Ind.)</subfield></datafield><datafield ind1="1" ind2="4" tag="245"><subfield code="a">The western eagle.</subfield></datafield><datafield ind1=" " ind2=" " tag="260"><subfield code="a">Madison, Indiana Territory :</subfield><subfield code="b">S.M. Le[a]venworth &amp; W. Hendricks</subfield></datafield><datafield ind1=" " ind2=" " tag="300"><subfield code="a">v. ;</subfield><subfield code="c">57 cm.</subfield></datafield><datafield ind1=" " ind2=" " tag="310"><subfield code="a">Weekly</subfield></datafield><datafield ind1="1" ind2=" " tag="362"><subfield code="a">Began with May 26, 1813 issue.</subfield><subfield code="z">Cf. Brigham, C.S. Amer. newspapers.</subfield></datafield><datafield ind1="0" ind2=" " tag="362"><subfield code="a">-v. 3, no. 26 (Jan. 6, 1816).</subfield></datafield><datafield ind1=" " ind2=" " tag="500"><subfield code="a">Published at Madison, Ind., May 26, 1813-Apr. 1, 1814; published at Lexington, Ind., July 8, 1815-Jan. 6, 1816.</subfield></datafield><datafield ind1=" " ind2=" " tag="500"><subfield code="a">Publishers: Hendricks &amp; Camron, 1813-1814; Rhoads &amp; Camron, &lt;1814&gt;; Jacob Rhoads, 1815-1816.</subfield></datafield><datafield ind1=" " ind2=" " tag="500"><subfield code="a">At the time of publication, Scott County was still part of Jefferson County.</subfield></datafield><datafield ind1=" " ind2=" " tag="515"><subfield code="a">Suspended Apr. 8, 1814-July 1, 1815 Cf. Brigham, C.S. Amer. newspapers.</subfield></datafield><datafield ind1=" " ind2=" " tag="588"><subfield code="a">Description based on: Vol. 1, no. 7 (July 16, 1813).</subfield></datafield><datafield ind1="1" ind2=" " tag="700"><subfield code="a">Leavenworth, Seth Marshall,</subfield><subfield code="d">1782-1853.</subfield></datafield><datafield ind1="1" ind2=" " tag="700"><subfield code="a">Hendricks, William,</subfield><subfield code="d">1782-1850.</subfield></datafield><datafield ind1="1" ind2=" " tag="700"><subfield code="a">Camron, William.</subfield></datafield><datafield ind1="1" ind2=" " tag="700"><subfield code="a">Rhoads, Jacob.</subfield></datafield><datafield ind1=" " ind2=" " tag="752"><subfield code="a">United States</subfield><subfield code="b">Indiana</subfield><subfield code="c">Scott</subfield><subfield code="d">Lexington.</subfield></datafield><datafield ind1=" " ind2=" " tag="752"><subfield code="a">United States</subfield><subfield code="b">Indiana</subfield><subfield code="c">Jefferson</subfield><subfield code="d">Madison.</subfield></datafield><datafield ind1="1" ind2=" " tag="029"><subfield code="a">AU@</subfield><subfield code="b">000025816872</subfield></datafield></record>